@misc{ieee2022,
  month = {01},
  title = {{IEEE} - The world's largest technical professional organization dedicated to advancing technology for the benefit of humanity.},
  url = {https://www.ieee.org},
  urldate = {2022-02-24},
  year = {2022},
  organization = {IEEE}
}

@misc{abnt2022,
  month = {01},
  title = {{ABNT} - Associação Brasileira de Normas Técnicas.},
  url = {https://www.abnt.org.br},
  urldate = {2022-02-24},
  year = {2022},
  organization = {ABNT}
}

@misc{abntex2022,
  month = {01},
  title = {{abnTex}},
  url = {https://www.abntex.net.br},
  urldate = {2022-02-24},
  year = {2022},
  organization = {Time de desenvolvimento abnTex}
}

@article{ritchieThompson1978,
  title={The UNIX time-sharing system},
  author={Ritchie, Dennis M and Thompson, Ken},
  journal={Bell System Technical Journal},
  volume={57},
  number={6},
  pages={1905--1929},
  year={1978},
  publisher={Wiley Online Library}
}
